@article{yordanov2024complex,
  title={Complex stochastic optimal control foundation of quantum mechanics},
  author={Yordanov, Vasil},
  journal={Physica Scripta},
  volume={99},
  number={11},
  pages={115278},
  year={2024},
  publisher={IOP Publishing}
}

@article{yang2021extending,
  title={Extending quantum probability from real axis to complex plane},
  author={Yang, Ciann-Dong and Han, Shiang-Yi},
  journal={Entropy},
  volume={23},
  number={2},
  pages={210},
  year={2021},
  publisher={MDPI}
}
